<record><leader>00000cas a22000007a 4500</leader><controlfield tag="001">17536850</controlfield><controlfield tag="008">880225d183918uuohuwr ne      0    0eng d</controlfield><datafield ind1=" " ind2=" " tag="010"><subfield code="a">sn 88077154 </subfield></datafield><datafield ind1=" " ind2=" " tag="040"><subfield code="a">ONP</subfield><subfield code="b">eng</subfield><subfield code="c">ONP</subfield><subfield code="d">OCLCQ</subfield></datafield><datafield ind1=" " ind2=" " tag="042"><subfield code="a">msc</subfield></datafield><datafield ind1="0" ind2="0" tag="245"><subfield code="a">Dayton directory and gridiron revivdus.</subfield></datafield><datafield ind1=" " ind2=" " tag="260"><subfield code="a">[Dayton, Ohio :</subfield><subfield code="b">s.n.],</subfield><subfield code="c">1839-</subfield></datafield><datafield ind1=" " ind2=" " tag="310"><subfield code="a">Weekly</subfield></datafield><datafield ind1="0" ind2=" " tag="362"><subfield code="a">Vol. 1, no. 7 (June 8, 1839)-</subfield></datafield><datafield ind1=" " ind2=" " tag="752"><subfield code="a">United States</subfield><subfield code="b">Ohio</subfield><subfield code="c">Montgomery</subfield><subfield code="d">Dayton.</subfield></datafield><datafield ind1="0" ind2="0" tag="780"><subfield code="t">Gridiron revivdus</subfield><subfield code="w">(DLC)sn 88077153</subfield></datafield></record>